@online{kotlin-functions-scope,
  title        = {Functions},
  subtitle     = {Function-scope},
  author       = {{Kotlin programming language}},
  organization = {JetBrains},
  date         = {2024-09-25},
  url          = {https://kotlinlang.org/docs/functions.html#function-scope},
  urldate      = {2025-03-24},
  note         = {Kotlin documentation}
},
@online{visibility-modifiers,
    title        = {Visibility Modifiers},
    author       = {{Kotlin programming language}},
    organization = {JetBrains},
    date         = {2024-09-25},
    url          = {https://kotlinlang.org/docs/visibility-modifiers.html},
    urldate      = {2025-03-24},
    note         = {Kotlin documentation}
},
@online{program-entry-point,
  title        = {Basic Syntax},
  subtitle     = {Program-entry-point},
  author       = {{Kotlin programming language}},
  organization = {JetBrains},
  date         = {2024-11-06},
  url          = {https://kotlinlang.org/docs/basic-syntax.html#program-entry-point},
  urldate      = {2025-03-24},
  note         = {Kotlin documentation}
}